<record><leader>00000cas a2200000 a 4500</leader><controlfield tag="001">13640730</controlfield><controlfield tag="008">860523d18991964scuwr ne      0    0eng d</controlfield><datafield ind1=" " ind2=" " tag="010"><subfield code="a">sn 86063776 </subfield></datafield><datafield ind1=" " ind2=" " tag="040"><subfield code="a">KSH</subfield><subfield code="b">eng</subfield><subfield code="c">KSH</subfield><subfield code="d">NPT</subfield><subfield code="d">SVN</subfield><subfield code="d">OCL</subfield><subfield code="d">OCLCQ</subfield></datafield><datafield ind1=" " ind2=" " tag="042"><subfield code="a">msc</subfield></datafield><datafield ind1="0" ind2=" " tag="130"><subfield code="a">Horry herald (Conway, S.C. : 1899)</subfield></datafield><datafield ind1="1" ind2="4" tag="245"><subfield code="a">The Horry herald.</subfield></datafield><datafield ind1=" " ind2=" " tag="260"><subfield code="a">Conway, S.C. :</subfield><subfield code="b">Conway Pub. Co.</subfield></datafield><datafield ind1=" " ind2=" " tag="300"><subfield code="a">v. ;</subfield><subfield code="c">55 cm.</subfield></datafield><datafield ind1=" " ind2=" " tag="310"><subfield code="a">Weekly</subfield></datafield><datafield ind1="1" ind2=" " tag="362"><subfield code="a">Began in 1899?</subfield><subfield code="z">Moore, South Carolina newspapers.</subfield></datafield><datafield ind1="0" ind2=" " tag="362"><subfield code="a">-v. 105, no. 10 (July 23, 1964).</subfield></datafield><datafield ind1=" " ind2=" " tag="588"><subfield code="a">Description based on: Vol. 2, no. 32 (Jan. 5, 1899).</subfield></datafield><datafield ind1=" " ind2="4" tag="651"><subfield code="a">Horry County (S.C.)</subfield><subfield code="v">Newspapers.</subfield></datafield><datafield ind1=" " ind2=" " tag="752"><subfield code="a">United States</subfield><subfield code="b">South Carolina</subfield><subfield code="c">Horry</subfield><subfield code="d">Conway.</subfield></datafield><datafield ind1="0" ind2="0" tag="780"><subfield code="t">Independent republic</subfield><subfield code="w">(DLC)sn 93067619</subfield></datafield><datafield ind1="0" ind2="7" tag="785"><subfield code="t">Conway field</subfield><subfield code="w">(DLC)sn 92065688</subfield></datafield><datafield ind1="0" ind2="7" tag="785"><subfield code="t">Field and herald</subfield><subfield code="w">(DLC)sn 92065697</subfield></datafield><datafield ind1="1" ind2=" " tag="029"><subfield code="a">AU@</subfield><subfield code="b">000022168943</subfield></datafield></record>